<?xml version="1.0" encoding="UTF-8"?><collection xmlns="http://www.loc.gov/MARC21/slim"><record><leader>00356nam--2200121-i-4500</leader><controlfield tag="001">000004655</controlfield><controlfield tag="002">20161230</controlfield><controlfield tag="005">20161230201026</controlfield><controlfield tag="008">060222s1000------------r-----000-0-eng-d</controlfield><datafield ind1=" " ind2=" " tag="100"><subfield code="a">Berthold, Wolfgang</subfield></datafield><datafield ind1=" " ind2=" " tag="245"><subfield code="a">Veranderung der lumineszenz von zns nach anreg ung durch h2 + -ionen</subfield></datafield><datafield ind1=" " ind2=" " tag="260"><subfield code="a">Berlin-charlottenburg, R.A.Lang Verlag, 1957 26 P</subfield></datafield><datafield ind1=" " ind2=" " tag="852"><subfield code="a">6181</subfield></datafield></record></collection>